<?xml version='1.0' encoding='UTF-8'?>
<record xmlns="http://www.loc.gov/MARC21/slim">
  <leader>01165cam a2200241   4500</leader>
  <controlfield tag="001">2741171</controlfield>
  <controlfield tag="003">NjP</controlfield>
  <controlfield tag="005">20180315102039.0</controlfield>
  <controlfield tag="008">830916s1968    iq            000 0 ararc</controlfield>
  <datafield tag="024" ind1="7" ind2=" ">
    <subfield code="a">princeton_aco002110</subfield>
    <subfield code="2">local</subfield>
  </datafield>
  <datafield ind1=" " ind2=" " tag="010">
    <subfield code="a">   71232401 /NE </subfield>
  </datafield>
  <datafield ind1=" " ind2=" " tag="035">
    <subfield code="a">(OCoLC)ocm09918051</subfield>
  </datafield>
  <datafield ind1=" " ind2=" " tag="035">
    <subfield code="9">CND0874TS</subfield>
  </datafield>
  <datafield ind1=" " ind2=" " tag="040">
    <subfield code="a">Princeton Univ. Libr.</subfield>
    <subfield code="c">TKN</subfield>
    <subfield code="d">TKN</subfield>
    <subfield code="d">IUL</subfield>
    <subfield code="d">PUL</subfield>
  </datafield>
  <datafield ind1="0" ind2="4" tag="050">
    <subfield code="a">DS124</subfield>
    <subfield code="b">.U4</subfield>
  </datafield>
  <datafield ind1="1" ind2=" " tag="100">
    <subfield code="a">ʻUlaymī, ʻAbd al-Raḥmān ibn Muḥammad,</subfield>
    <subfield code="d">1456-approximately 1521.</subfield>
    <subfield code="0">http://id.loc.gov/authorities/names/n84029870</subfield>
  </datafield>
  <datafield ind1="1" ind2="3" tag="245">
    <subfield code="a">al-Uns al-jalīl bi-tārīkh al-Quds wa-al-Khalīl,</subfield>
    <subfield code="c">taʼlīf Qādī al-Quḍāh Abū al-Yaman al-Qādī Mujīr al-Dīn al-Ḥanbalī. Qaddamahu Muhammad Baḥr al-ʻUlūm.</subfield>
  </datafield>
  <datafield ind1=" " ind2=" " tag="250">
    <subfield code="a">[al.Tabʻah 2.]</subfield>
  </datafield>
  <datafield ind1=" " ind2=" " tag="260">
    <subfield code="a">al-Najaf,</subfield>
    <subfield code="b">al-Maṭbaʻah al-Ḥagdarīyah,</subfield>
    <subfield code="c">1968.</subfield>
  </datafield>
  <datafield ind1=" " ind2=" " tag="300">
    <subfield code="a">2 v.</subfield>
    <subfield code="c">26 cm.</subfield>
  </datafield>
  <datafield ind1=" " ind2=" " tag="500">
    <subfield code="a">Cover title: al-Auns al-jalil for Jerusalem &amp; Khlil's history. By al-imam the Supreme Judge Aboo al-Yaman Moseer al-Din al-Hanbaly.</subfield>
  </datafield>
  <datafield ind1=" " ind2="0" tag="651">
    <subfield code="a">Palestine</subfield>
    <subfield code="x">History.</subfield>
    <subfield code="0">http://id.loc.gov/authorities/subjects/sh85097166</subfield>
  </datafield>
  <datafield ind1=" " ind2=" " tag="945">
    <subfield code="a">F</subfield>
    <subfield code="b">1</subfield>
    <subfield code="c">2276.921.349.1968</subfield>
    <subfield code="e">v.1-2</subfield>
  </datafield>
  <datafield ind1=" " ind2=" " tag="911">
    <subfield code="a">20000130</subfield>
  </datafield>
  <datafield ind1="0" ind2="1" tag="852">
    <subfield code="0">3051804</subfield>
    <subfield code="b">nec</subfield>
    <subfield code="t">1</subfield>
    <subfield code="h">DS124</subfield>
    <subfield code="i">.U4 1968</subfield>
  </datafield>
  <datafield ind1=" " ind2="0" tag="866">
    <subfield code="0">3051804</subfield>
    <subfield code="8">0</subfield>
    <subfield code="a">v.1-2</subfield>
  </datafield>
  <datafield ind1=" " ind2=" " tag="959">
    <subfield code="a">2001-04-11 08:49:10 -0400</subfield>
  </datafield>
</record>
